@ARTICLE{2017arXiv170208449A,
   author = {{Aihara}, H. and {Armstrong}, R. and {Bickerton}, S. and {Bosch}, J. and 
    {Coupon}, J. and {Furusawa}, H. and {Hayashi}, Y. and {Ikeda}, H. and 
    {Kamata}, Y. and {Karoji}, H. and {Kawanomoto}, S. and {Koike}, M. and 
    {Komiyama}, Y. and {Lupton}, R.~H. and {Mineo}, S. and {Miyatake}, H. and 
    {Miyazaki}, S. and {Morokuma}, T. and {Obuchi}, Y. and {Oishi}, Y. and 
    {Okura}, Y. and {Price}, P.~A. and {Takata}, T. and {Tanaka}, M.~M. and 
    {Tanaka}, M. and {Tanaka}, Y. and {Uchida}, T. and {Uraguchi}, F. and 
    {Utsumi}, Y. and {Wang}, S.-Y. and {Yamada}, Y. and {Yamanoi}, H. and 
    {Yasuda}, N. and {Arimoto}, N. and {Chiba}, M. and {Finet}, F. and 
    {Fujimori}, H. and {Fujimoto}, S. and {Furusawa}, J. and {Goto}, T. and 
    {Goulding}, A. and {Gunn}, J.~E. and {Harikane}, Y. and {Hattori}, T. and 
    {Hayashi}, M. and {Helminiak}, K.~G. and {Higuchi}, R. and {Hikage}, C. and 
    {Ho}, P.~T.~P. and {Hsieh}, B.-C. and {Huang}, K. and {Huang}, S. and 
    {Imanishi}, M. and {Iwata}, I. and {Jaelani}, A.~T. and {Jian}, H.-Y. and 
    {Kashikawa}, N. and {Katayama}, N. and {Kojima}, T. and {Konno}, A. and 
    {Koshida}, S. and {Leauthaud}, A. and {Lee}, C.-H. and {Lin}, L. and 
    {Lin}, Y.-T. and {Mandelbaum}, R. and {Matsuoka}, Y. and {Medezinski}, E. and 
    {Miyama}, S. and {Momose}, R. and {More}, A. and {More}, S. and 
    {Mukae}, S. and {Murata}, R. and {Murayama}, H. and {Nagao}, T. and 
    {Nakata}, F. and {Niikura}, H. and {Nishizawa}, A.~J. and {Oguri}, M. and 
    {Okabe}, N. and {Ono}, Y. and {Onodera}, M. and {Onoue}, M. and 
    {Ouchi}, M. and {Pyo}, T.-S. and {Shibuya}, T. and {Shimasaku}, K. and 
    {Simet}, M. and {Speagle}, J. and {Spergel}, D.~N. and {Strauss}, M.~A. and 
    {Sugahara}, Y. and {Sugiyama}, N. and {Suto}, Y. and {Suzuki}, N. and 
    {Tait}, P.~J. and {Takada}, M. and {Terai}, T. and {Toba}, Y. and 
    {Turner}, E.~L. and {Uchiyama}, H. and {Umetsu}, K. and {Urata}, Y. and 
    {Usuda}, T. and {Yeh}, S. and {Yuma}, S.},
    title = "{First Data Release of the Hyper Suprime-Cam Subaru Strategic Program}",
  journal = {ArXiv e-prints},
archivePrefix = "arXiv",
   eprint = {1702.08449},
 primaryClass = "astro-ph.IM",
 keywords = {Astrophysics - Instrumentation and Methods for Astrophysics, Astrophysics - Earth and Planetary Astrophysics, Astrophysics - Astrophysics of Galaxies, Astrophysics - High Energy Astrophysical Phenomena, Astrophysics - Solar and Stellar Astrophysics},
     year = 2017,
    month = feb,
   adsurl = {http://adsabs.harvard.edu/abs/2017arXiv170208449A},
  adsnote = {Provided by the SAO/NASA Astrophysics Data System}
}
